@book{labbkomp,
	author   = {Markus Janasch and Casper Winsnes and David Kotol and Jan Karlsen},
	title    = {Gene technology and molecular biology lab course},
	journal  = {},
	date     = {2020},
	keywords = {trusted},
}
@book{CP,
	author   = {David P. Clark and Nanette J. Pazdernik},
	title    = {Biotechnology},
	journal  = {},
	date     = {2012},
	keywords = {trusted},
}
@book{brown,
	author   = {Terence Brown},
	title    = {Gene cloning and {DNA} analysis - An introduction},
	journal  = {},
	date     = {2010},
	keywords = {trusted},
}
@online{TF,
author = {Thermo Fisher Scientific},
title = {Dpnl (10U/$\mu$L)},
url = {https://www.thermofisher.com/order/catalog/product/ER1701?SID=srch-hj-ER1701},
urldate = {2020-04-26}
}